\
@article{CarnicerLombarte2024AdvMat,
  title = {The Future of Biohybrid Regenerative Bioelectronics},
  author = {Carnicer-Lombarte, A. and others},
  journal = {Advanced Materials},
  year = {2024},
  volume = {36},
  number = {46},
  doi = {10.1002/adma.202409330}
}

@article{Hergenreder2024NatBiotech,
  title = {Combined small-molecule treatment accelerates maturation of human pluripotent stem cell-derived neurons},
  author = {Hergenreder, E. and Minotti, A. P. and others},
  journal = {Nature Biotechnology},
  year = {2024},
  volume = {42},
  number = {10},
  pages = {1515--1525},
  doi = {10.1038/s41587-023-02031-z}
}
