@FOOTNOTE{Note1,key="Note1",note="We refer the reader to Section~\ref {sec:cps} for CPS dimensions and continuity with perimodiolar fluid spaces."}
@CONTROL{REVTEX42Control}
@CONTROL{apsrev42Control,author="08",editor="1",pages="0",title="0",year="1"}
